@incollection{Zaqout19,
author = {Zaqout, I.},
title = {Diagnosis of Skin Lesions Based on Dermoscopic Images Using Image Processing Techniques},
booktitle = {Pattern Recognition},
publisher = {IntechOpen},
address = {Rijeka},
year = {2019},
editor = {Andrzej Zak},
chapter = {6},
doi = {10.5772/intechopen.88065},
url = {https://doi.org/10.5772/intechopen.88065}
}

@article{Lens04,
author = {Lens, M.B. and Dawes, Martin},
year = {2004},
month = {03},
pages = {179-85},
title = {Global Perspectives of Contemporary Epidemiological Trends of Cutaneous Malignant Melanoma},
volume = {150},
journal = {The British journal of dermatology},
doi = {10.1111/j.1365-2133.2004.05708.x}
}

@article{Stolz94,
author={Stolz, W. and Riemann, A. and Cognetta, A. and Braun-Falco, O.},
title={ABCD rule of dermatoscopy : a new practical method for early recognition of malignant melanoma},
journal={Eur. J. Dermatol.},
year={1994},
volume={4},
pages={521-527},
URL={https://www.ncbi.nlm.nih.gov/pubmed/8157780},
doi = {10.1016/s0190-9622(94)70061-3}
}

@misc{tan2019efficientnet,
    title={EfficientNet: Rethinking Model Scaling for Convolutional Neural Networks},
    author={Mingxing Tan and Quoc V. Le},
    year={2019},
    eprint={1905.11946},
    archivePrefix={arXiv},
    primaryClass={cs.LG}
}

@misc{gessert2018skin,
    title={Skin Lesion Diagnosis using Ensembles, Unscaled Multi-Crop Evaluation and Loss Weighting},
    author={Nils Gessert and Thilo Sentker and Frederic Madesta and Rüdiger Schmitz and Helge Kniep and Ivo Baltruschat and René Werner and Alexander Schlaefer},
    year={2018},
    eprint={1808.01694},
    archivePrefix={arXiv},
    primaryClass={cs.CV}
}

@article{HAM10000,
author = {Tschandl, Philipp and Rosendahl, Cliff and Kittler, Harald},
year = {2018},
month = {03},
pages = {},
title = {The HAM10000 Dataset: A Large Collection of Multi-Source Dermatoscopic Images of Common Pigmented Skin Lesions},
volume = {5},
journal = {Scientific Data},
doi = {10.1038/sdata.2018.161}
}

@article{MSK_Data,
  author    = {Noel C. F. Codella and
               David Gutman and
               M. Emre Celebi and
               Brian Helba and
               Michael A. Marchetti and
               Stephen W. Dusza and
               Aadi Kalloo and
               Konstantinos Liopyris and
               Nabin K. Mishra and
               Harald Kittler and
               Allan Halpern},
  title     = {Skin Lesion Analysis Toward Melanoma Detection: {A} Challenge at the
               2017 International Symposium on Biomedical Imaging (ISBI), Hosted
               by the International Skin Imaging Collaboration {(ISIC)}},
  journal   = {CoRR},
  volume    = {abs/1710.05006},
  year      = {2017},
  url       = {http://arxiv.org/abs/1710.05006},
  archivePrefix = {arXiv},
  eprint    = {1710.05006},
  timestamp = {Tue, 17 Sep 2019 14:15:22 +0200},
  biburl    = {https://dblp.org/rec/bib/journals/corr/abs-1710-05006},
  bibsource = {dblp computer science bibliography, https://dblp.org}
}
@misc{bcn20000,
    title={BCN20000: Dermoscopic Lesions in the Wild},
    author={Marc Combalia and Noel C. F. Codella and Veronica Rotemberg and Brian Helba and Veronica Vilaplana and Ofer Reiter and Cristina Carrera and Alicia Barreiro and Allan C. Halpern and Susana Puig and Josep Malvehy},
    year={2019},
    eprint={1908.02288},
    archivePrefix={arXiv},
    primaryClass={eess.IV}
}

@inproceedings{Mosley2013,
  title={A balanced approach to the multi-class imbalance problem},
  author={Lawrence Mosley},
  year={2013},
  url={https://lib.dr.iastate.edu/etd/13537}
}

@article{softmax_conf,
  author    = {Utku Ozbulak and
               Wesley De Neve and
               Arnout Van Messem},
  title     = {How the Softmax Output is Misleading for Evaluating the Strength of
               Adversarial Examples},
  journal   = {CoRR},
  volume    = {abs/1811.08577},
  year      = {2018},
  url       = {http://arxiv.org/abs/1811.08577},
  archivePrefix = {arXiv},
  eprint    = {1811.08577},
  timestamp = {Mon, 26 Nov 2018 12:52:45 +0100},
  biburl    = {https://dblp.org/rec/bib/journals/corr/abs-1811-08577},
  bibsource = {dblp computer science bibliography, https://dblp.org}
}

@article{scikit-learn,
 title={Scikit-learn: Machine Learning in {P}ython},
 author={Pedregosa, F. and Varoquaux, G. and Gramfort, A. and Michel, V.
         and Thirion, B. and Grisel, O. and Blondel, M. and Prettenhofer, P.
         and Weiss, R. and Dubourg, V. and Vanderplas, J. and Passos, A. and
         Cournapeau, D. and Brucher, M. and Perrot, M. and Duchesnay, E.},
 journal={Journal of Machine Learning Research},
 volume={12},
 pages={2825--2830},
 year={2011}
}

@misc{lee2018simple,
    title={A Simple Unified Framework for Detecting Out-of-Distribution Samples and Adversarial Attacks},
    author={Kimin Lee and Kibok Lee and Honglak Lee and Jinwoo Shin},
    year={2018},
    eprint={1807.03888},
    archivePrefix={arXiv},
    primaryClass={stat.ML}
}
@misc{daxberger2019bayesian,
    title={Bayesian Variational Autoencoders for Unsupervised Out-of-Distribution Detection},
    author={Erik Daxberger and José Miguel Hernández-Lobato},
    year={2019},
    eprint={1912.05651},
    archivePrefix={arXiv},
    primaryClass={cs.LG}
}

@article{TSCHANDL2019938,
title = "Comparison of the accuracy of human readers versus machine-learning algorithms for pigmented skin lesion classification: an open, web-based, international, diagnostic study",
journal = "The Lancet Oncology",
volume = "20",
number = "7",
pages = "938 - 947",
year = "2019",
issn = "1470-2045",
doi = "https://doi.org/10.1016/S1470-2045(19)30333-X",
url = "http://www.sciencedirect.com/science/article/pii/S147020451930333X",
author = "Philipp Tschandl and Noel Codella and Bengü Nisa Akay and Giuseppe Argenziano and Ralph P Braun and Horacio Cabo and David Gutman and Allan Halpern and Brian Helba and Rainer Hofmann-Wellenhof and Aimilios Lallas and Jan Lapins and Caterina Longo and Josep Malvehy and Michael A Marchetti and Ashfaq Marghoob and Scott Menzies and Amanda Oakley and John Paoli and Susana Puig and Christoph Rinner and Cliff Rosendahl and Alon Scope and Christoph Sinz and H Peter Soyer and Luc Thomas and Iris Zalaudek and Harald Kittler",
}

@inproceedings{love,
  title={Love thy neighbors: Image annotation by exploiting image metadata},
  author={Johnson, Justin and Ballan, Lamberto and Fei-Fei, Li},
  booktitle={Proceedings of the IEEE international conference on computer vision},
  pages={4624--4632},
  year={2015}
}
@inproceedings{melan,
  title={CNN and Metadata for Classification of Benign and Malignant Melanomas},
  author={Ruiz-Castilla, Jos{\'e}-Sergio and Rangel-Cortes, Juan-Jos{\'e} and Garc{\'\i}a-Lamont, Farid and Trueba-Espinosa, Adri{\'a}n},
  booktitle={International Conference on Intelligent Computing},
  pages={569--579},
  year={2019},
  organization={Springer}
}

@ARTICLE{color,
author={C. {Barata} and M. E. {Celebi} and J. S. {Marques}},
journal={IEEE Journal of Biomedical and Health Informatics},
title={Improving Dermoscopy Image Classification Using Color Constancy},
year={2015},
volume={19},
number={3},
pages={1146-1152},
keywords={image classification;image colour analysis;medical image processing;skin;dermoscopy image classification;computer-aided diagnosis system;multisource images;illumination change;acquisition devices;dermoscopy image colors;color constancy algorithms;bag-of-features system sensitivity;1D RGB histograms;Image color analysis;Training;Histograms;Light sources;Calibration;Feature extraction;Visualization;Color constancy;color features;computer-aided diagnosis system;dermoscopy images;image color normalization;Algorithms;Databases, Factual;Dermoscopy;Humans;Image Interpretation, Computer-Assisted;Melanoma;Skin},
doi={10.1109/JBHI.2014.2336473},
ISSN={2168-2208},
month={May},}
